@inproceedings{inproceedings,
author = {Vila, Milton and Attar, Rahman and Pereanez, Marco and Frangi, Alejandro},
year = {2018},
month = {12},
pages = {1726-1733},
title = {MULTI-X, a State-of-the-Art Cloud-Based Ecosystem for Biomedical Research},
doi = {10.1109/BIBM.2018.8621317}
}